@online{riyas,
    title = "Learn on the fly",
    url  = "https://www.riyas.org/2013/12/online-led-matrix-font-generator-with.html",
    addendum = "(accessed: 01.09.2016)",
    keywords = "74HC595,led matrix,PCD8544"
}